% BibTeX database for the MSc_Thesis.tex

%%%%%%%%%%%%%%%%%%%%%%%%%%%%%%%%%%%%%%%%%%%%%%%%%%%%%%%%%%
% TEMPLATES
%%%%%%%%%%%%%%%%%%%%%%%%%%%%%%%%%%%%%%%%%%%%%%%%%%%%%%%%%%

%%%%% An article from a journal or magazine.
%
%article{
%  % Required fields:
%  author  = {},
%  title   = {},
%  journal = {},
%  year    = {},
%  % Optional fields:
%  volume  = {},
%  number  = {},
%  pages   = {},
%  month   = {},
%  note    = {}
%}
%
%%%%% A book with an explicit publisher.
%
%book{
%  % Required fields:
%  author    = {}, % or editor
%  editor    = {},
%  title     = {},
%  publisher = {},
%  year      = {},
%  % Optional fields:
%  volume    = {},
%  number    = {},
%  series    = {},
%  address   = {},
%  edition   = {},
%  month     = {},
%  note      = {}
%}
%
%%%%% A work that is printed and bound, but without a named publisher or sponsoring institution.
%
%booklet{
%  % Required field:
%  title        = {},
%  % Optional fields:
%  author       = {},
%  howpublished = {},
%  address      = {},
%  month        = {},
%  year         = {},
%  note         = {}
%}
%
%%%%% The same as INPROCEEDINGS}, included for Scribe compatibility.
%
%conference{
%}
%
%%%%% A part of a book, which may be a chapter (or section or whatever) and/or a range of pages.
%
%inbook{
%  % Required fields:
%  author    = {}, % or editor
%  editor    = {},
%  title     = {},
%  chapter   = {}, % and/or pages
%  pages     = {},
%  publisher = {},
%  year      = {},
%  % Optional fields:
%  volume    = {}, % or number
%  number    = {},
%  series    = {},
%  type      = {},
%  address   = {},
%  edition   = {},
%  month     = {},
%  note      = {}
%}
%
%%%%% A part of a book having its own title.
%
%incollection{
%  % Required fields:
%  author    = {},
%  title     = {},
%  booktitle = {},
%  publisher = {},
%  year      = {},
%  % Optional fields:
%  editor    = {},
%  volume    = {}, % or number
%  number    = {},
%  series    = {},
%  type      = {},
%  chapter   = {},
%  pages     = {},
%  address   = {},
%  edition   = {},
%  month     = {},
%  note      = {}
%}
%
%%%%% An article in a conference proceedings.
%
%inproceedings{
%  % Required fields:
%  author       = {},
%  title        = {},
%  booktitle    = {},
%  year         = {},
%  % Optional fields:
%  editor       = {},
%  volume       = {}, % or number
%  number       = {},
%  series       = {},
%  pages        = {},
%  address      = {},
%  month        = {},
%  organization = {},
%  publisher    = {},
%  note         = {}
%}
%
%%%%% Technical documentation.
%
%manual{
%  % Required field:
%  title        = {},
%  % Optional fields:
%  author       = {},
%  organization = {},
%  address      = {},
%  edition      = {},
%  month        = {},
%  year         = {},
%  note         = {}
%}
%
%%%%% A Master's thesis.
%
%mastersthesis{
%  % Required fields:
%  author  = {},
%  title   = {},
%  school  = {},
%  year    = {},
%  % Optional fields:
%  type    = {},
%  address = {},
%  month   = {},
%  note    = {}
%}
%
%%%%% Use this type when nothing else fits.
%
%misc{
%  % Required fields: none.
%  % Optional fields:
%  author       = {},
%  title        = {},
%  howpublished = {},
%  month        = {},
%  year         = {},
%  note         = {}
%}
%
%%%%% A PhD thesis.
%
%phdthesis{
%  % Required fields:
%  author  = {},
%  title   = {},
%  school  = {},
%  year    = {},
%  % Optional fields:
%  type    = {},
%  address = {},
%  month   = {},
%  note    = {}
%}
%
%%%%% The proceedings of a conference.
%
%proceedings{
%  % Required fields:
%  title        = {},
%  year         = {},
%  % Optional fields:
%  editor       = {},
%  volume       = {}, % or number
%  number       = {},
%  series       = {},
%  address      = {},
%  month        = {},
%  organization = {},
%  publisher    = {},
%  note         = {},
%}
%
%%%%% A report published by a school or other institution, usually numbered within a series.
%
%techreport{
%  % Required fields:
%  author      = {},
%  title       = {},
%  institution = {},
%  year        = {},
%  % Optional fields:
%  type        = {},
%  number      = {},
%  address     = {},
%  month       = {},
%  note        = {}
%}
%
%%%%% A document having an author and title, but not formally published.
%
%unpublished{
%  % Required fields:
%  author = {},
%  title  = {},
%  note   = {},
%  % Optional fields:
%  month  = {},
%  year   = {}
%}

%%%%%%%%%%%%%%%%%%%%%%%%%%%%%%%%%%%%%%%%%%%%%%%%%%%%%%%%%%
% References
%%%%%%%%%%%%%%%%%%%%%%%%%%%%%%%%%%%%%%%%%%%%%%%%%%%%%%%%%%



%%%%%%%%%%%%%%%%%%%%%%%%%%%%%%%%%%%%%%%%%%%%%%%%%%%%%%%%%%
% References
%%%%%%%%%%%%%%%%%%%%%%%%%%%%%%%%%%%%%%%%%%%%%%%%%%%%%%%%%%

@book{dixit:book,
	author    = {Avinash Dixit and Robert S. Pindyck},
	title     = {Investment Under Uncertainty},
	publisher = {Princeton University Press},
	year      = {1994},
	edition   = {$1^{st}$},
	note      = {ISBN:978-0691034102}
}


@book{oksendal:book,
	author    = {Bernt $\O$ksendal},
	title     = {Stochastic Differential Equations: An Introduction with Applications},
	publisher = {Springer},
	year      = {2014},
	edition   = {$6^{nd}$},
	note      = {ISBN: 978-3540047582}
}

@phdthesis{rita,
	author  = {Rita Pimentel},
	title   = {Jump Processes in Finance},
	school  = {Instituto Superior Técnico},
	year    = {2018},
}

@article{hagspiel:cap,
	author  = {Verena Hagspiel and Kuno J. M. Huisman and Peter M. Kort and Cláudia Nunes},
	title   = {How to escape a declining market: Capacity investment or Exit?},
	journal = {European Journal of Operational Research},
	year    = {2016},
	volume  = {254},
	pages   = {40--50},
	%note    = {doi.org/10.1016/j.ejor.2016.04.009}
}

@article{huis:cap,
	author  = {Kuno J. M. Huisman and Peter M. Kort},
	title   = {Strategic Capacity Investment Under uncertainty},
	journal = {Tilburg: Operations research},
	year    = {2013},
	volume  = {2013-003},
	pages   = {40--50},
	%note    = {doi.org/10.1016/j.ejor.2016.04.009}
}

@article{pind:cap,
	author  = {Robert S. Pindyck},
	title   = {Irreversible investment, capacity choice, and the value of the firm},
	journal = {The American	Economic Review},
	year    = {1998},
	volume  = {78},
	pages   = {969--985},
	%note    = {doi.org/10.1016/j.ejor.2016.04.009}
}

@article{farzin:cap,
	author  = {Yan Farzin and Kuno J. M. Huisman and Peter M. Kort},
	title   = {Optimal timing of technology adoption},
	journal = {Journal of Economic Dynamics \& Control},
	year    = {1998},
	volume  = {22},
	pages   = {779–799},
	%note    = {doi.org/??????????}
}


@article{siegel,
	author  = {Ronald McDonald and Di Siegel},
	title   = {The value of waiting to invest},
	journal = {The Quarterly Journal of
	Economics },
	year    = {1986},
	volume  = {101(4)},
	pages   = {707–728},
	%note    = {doi.org/??????????}
}

@article{dixit_alone,
	author  = {Avinash Dixit},
	title   = {Entry and exit decisions under uncertainty},
	journal = {Journal of Political Economy},
	year    = {1989},
	volume  = {97(3)},
	pages   = {620–638},
	%note    = {doi.org/??????????}
}